%% start of file `publications.bib'.
%% Copyright 2006-2012 Xavier Danaux (xdanaux at gmail.com).
%
% This work may be distributed and/or modified under the
% conditions of the LaTeX Project Public License version 1.3c,
% available at http://www.latex-project.org/lppl/.

@article{Richardson:arXiv1310.4956,
year={2014},
issn={2196-5609},
journal={Quantum Studies: Mathematics and Foundations},
doi={10.1007/s40509-014-0001-y},
title={On the uncertainty of the ordering of nonlocal wavefunction collapse when relativity is considered},
url={http://dx.doi.org/10.1007/s40509-014-0001-y},
publisher={Springer International Publishing},
keywords={Quantum; Entanglement; Relativity; Uncertainty; Paradox},
author={Richardson, Chris D. and Dowling, Jonathan P.},
pages={1-8},
language={English}
}

@article{arXiv:1410.1373,
author={Chris D. Richardson and Peter Schlagheck and John Martin and Nicolas Vandewalle and Thierry Bastin},
title={On the analogy of quantum wave-particle duality with bouncing droplets},
year={2014},
journal={arXiv:1410.1373}
}

eprint{arXiv:1410.1373,
author="Chris D. Richardson and Peter Schlagheck and John Martin and Nicolas Vandewalle and Thierry Bastin",
title="On the analogy of quantum wave-particle duality with bouncing droplets",
year="2014",
month="Oct",
archivePrefix = "arXiv",
eprint="arXiv:1410.1373,
primaryClass  = "physics.flu-dyn",
URL="http://arxiv.org/abs/1410.1373"
}

article{Richardson:arXiv1310.4956,
author="Chris D. Richardson and Jonathan P. Dowling",
title="On the Uncertainty of the Ordering of Nonlocal Wavefunction Collapse when Relativity is Considered",
year="2014",
archivePrefix = "arXiv",
eprint="arXiv/1310.4956",
primaryClass  = "quant-ph",
journal="Accepted Feburary into to Quantum Studies: Mathematics and Foundations arXiv:1310.4956 [quant-ph]",
URL="http://arxiv.org/abs/1310.4956"
}

@article{PhysRevA.89.032118,
  year = {2014},
  title = {Nonlinear Schr\"odinger wave equation with linear quantum behavior},
  author = {Richardson, Chris D. and Schlagheck, Peter and Martin, John and Vandewalle, Nicolas and Bastin, Thierry},
  journal = {Phys. Rev. A},
  volume = {89},
  issue = {3},
  pages = {032118},
  numpages = {4},
  month={Mar},
  publisher = {American Physical Society},
  doi = {10.1103/PhysRevA.89.032118},
  url = {http://link.aps.org/doi/10.1103/PhysRevA.89.032118}
}

article{NonlinearPaper,
author = {Chris D. Richardson et al.},
title = {Nonlinear Schr{\"o}dinger wave equation with linear quantum behavior},
journal = {Accepted January into Physical Review A, arXiv:1403.2177 [quant-ph]},
year={2014}
}

@article{Popper,
year = {2012},
author = {Chris D. Richardson and Jonathan P. Dowling},
title = {Popper's Thought Experiment Reinvestigated},
journal = {International Journal of Quantum Information},
volume = {10},
number = {03},
pages = {1250033},
doi={10.1142/S0219749912500335},
URL = {http://arxiv.org/abs/1102.2387}
}

@article{1367-2630-14-4-043003,
  author={Carl F. Sabottke and Chris D. Richardson et al.},
  title={Thwarting the photon-number-splitting attack with entanglement-enhanced BB84 quantum key distribution},
  journal={New Journal of Physics},
  volume={14},
  number={4},
  pages={043003},
  year={2012},
  url={http://arxiv.org/abs/1111.4510},
  abstract={We develop an improvement to the weak laser pulse BB84 scheme for quantum key distribution, which utilizes entanglement to improve the security of the scheme and enhance its resilience to the photon-number-splitting attack. This protocol relies on the non-commutation of phase and number to detect an eavesdropper performing quantum non-demolition measurement on photon number. The potential advantages and disadvantages of this scheme are compared to the coherent decoy state protocol.}
}

inproceedings{conf,
author={Brown,K. L. and Kim,M. B. and Richardson,C. and Dowling,J. P.},
editor={ },
year={2012},
title={Improving a lossy photon detector with an imperfect CNOT gate},
booktitle={2012 Conference on Lasers and Electro-Optics, CLEO 2012},
url={www.scopus.com},
}

phdthesis{thesis1,
author = {Chris D. Richardson},
title = {Entanglement, Uncertainty and Relativity in Fundamental Quantum Mechanics with an Application in QKD},
school = {Louisiana State University},
year = {2012},
URL = {http://etd.lsu.edu/docs/available/etd-06272012-204609}
}

%% end of file `publications.bib'.
